@ARTICLE{cite:1, 
author={S. Wang and Y. Zhang and C. Wu and F. Darvas and W. A. Chaovalitwongse}, 
journal={IEEE Transactions on Intelligent Transportation Systems}, 
title={Online Prediction of Driver Distraction Based on Brain Activity Patterns}, 
year={2015}, 
volume={16}, 
number={1}, 
pages={136-150}, 
keywords={behavioural sciences computing;driver information systems;electroencephalography;pattern classification;brain activity;brain activity pattern;city map;continuous EEG signals;distracted period classification;driver distraction detection;driver needs;electroencephalographic signal;intelligent navigation systems;map-viewing activities;nondistracted period classification;online driver-distraction prediction;route information;simulated driving environment;Electroencephalography;Feature extraction;Monitoring;Navigation;Roads;Urban areas;Vehicles;Driver-distraction prediction;electroencephalographic (EEG) signals;online adaptive predictions;time-series pattern recognition}, 
doi={10.1109/TITS.2014.2330979}, 
ISSN={1524-9050}, 
month={Feb},}

@INPROCEEDINGS{cite:2, 
author={Chin-Teng Lin and Sheng-Fu Liang and Yu-Chieh Chen and Yung-Chi Hsu and Li-Wei Ko}, 
booktitle={2006 IEEE International Symposium on Circuits and Systems}, 
title={Driver's drowsiness estimation by combining EEG signal analysis and ICA-based fuzzy neural networks}, 
year={2006}, 
volume={}, 
number={}, 
pages={4 pp.-2128}, 
keywords={electroencephalography;feature extraction;fuzzy logic;fuzzy neural nets;independent component analysis;medical image processing;road accidents;EEG signal analysis;ICAFNN;driver drowsiness estimation;fuzzy neural networks;independent component analysis;public security;self-adaptive systems;traffic accident fatalities;training data set;vehicle control;Electroencephalography;Fuzzy control;Fuzzy neural networks;Fuzzy sets;Fuzzy systems;Road accidents;Signal analysis;Training data;Vehicle driving;Vehicle safety}, 
doi={10.1109/ISCAS.2006.1693037}, 
ISSN={0271-4302}, 
month={May},}

@ARTICLE{cite:3, 
author={F. C. Lin and L. W. Ko and C. H. Chuang and T. P. Su and C. T. Lin}, 
journal={IEEE Transactions on Circuits and Systems I: Regular Papers}, 
title={Generalized EEG-Based Drowsiness Prediction System by Using a Self-Organizing Neural Fuzzy System}, 
year={2012}, 
volume={59}, 
number={9}, 
pages={2044-2055}, 
keywords={correlation methods;electroencephalography;fuzzy neural nets;mean square error methods;medical signal processing;patient monitoring;signal denoising;sleep;correlation coefficients;driver drowsy state monitoring system;dynamic driving environment;electroencephalogram power spectrum;generalized EEG-based drowsiness prediction system;generalized cross-subject predictors;noise;real-life applications;realistic driving environment;root mean square errors;safety driving issue;self-organizing neural fuzzy system;signal processing;sleep;subject-dependent drowsy state monitor systems;subject-dependent predictors;system performance analysis;Brain modeling;Electroencephalography;Electrooculography;Indexes;Monitoring;Predictive models;Vehicles;Drowsiness;drowsy state monitoring;electroencephalogram (EEG);neural fuzzy system;prediction}, 
doi={10.1109/TCSI.2012.2185290}, 
ISSN={1549-8328}, 
month={Sept},}

@ARTICLE{cite:4, 
author={L. Yekhshatyan and J. D. Lee}, 
journal={IEEE Transactions on Intelligent Transportation Systems}, 
title={Changes in the Correlation Between Eye and Steering Movements Indicate Driver Distraction}, 
year={2013}, 
volume={14}, 
number={1}, 
pages={136-145}, 
keywords={road safety;road traffic;road vehicles;steering systems;distraction detection enhancement;driver distraction;driver performance;eye glance;eye movements;eye steering correlation structure;horizontal eye position;road scanning;steering movements;vehicle data;Correlation;Roads;Tracking;Vehicle crash testing;Vehicles;Visualization;Wheels;Driver distraction;driving performance;eye movement;eyeâ€“steering coordination;secondary task;time series analysis}, 
doi={10.1109/TITS.2012.2208223}, 
ISSN={1524-9050}, 
month={March},}

@ARTICLE{cite:5, 
author={T. H. Chang and C. S. Hsu and C. Wang and L. K. Yang}, 
journal={IEEE Transactions on Intelligent Transportation Systems}, 
title={Onboard Measurement and Warning Module for Irregular Vehicle Behavior}, 
year={2008}, 
volume={9}, 
number={3}, 
pages={501-513}, 
keywords={collision avoidance;computer vision;fuzzy control;fuzzy set theory;neurocontrollers;probability;radial basis function networks;road accidents;road safety;road vehicles;computer vision;fuzzy membership function;irregular vehicle behavior detection;neural network;onboard decision module;onboard measurement module;radial basis probability network;rear-end collision avoidance module;road safety;unexpected lane departure avoidance module;vehicle accident;warning module;Advanced vehicle control and safety systems;in-vehicle collision warning system;intelligent transportation system (ITS);lane departure avoidance;rear-end collision avoidance;vehicle behavior}, 
doi={10.1109/TITS.2008.928243}, 
ISSN={1524-9050}, 
month={Sept},}

@INPROCEEDINGS{cite:6, 
author={Y. D. Oh and D. W. Ryu and S. H. Park}, 
booktitle={2016 IEEE International Conference on Consumer Electronics-Asia (ICCE-Asia)}, 
title={The development of driver warning algorithm for safety driving support}, 
year={2016}, 
volume={}, 
number={}, 
pages={1-4}, 
keywords={driver information systems;fuzzy set theory;human computer interaction;safety;HVI data;bio-signal data;distracted driving;driver warning algorithm;drowsiness detection;face data;fuzzy model;in-vehicle data;integrated ECU;lane departure warning;safety distance;safety driving support;Accidents;Computer aided software engineering;Conferences;Data models;Face;Safety;Vehicles;Driver warning algorithm;Embedded System;Fuzzy Logic;HVI (Human-Vehicle Interface);Sensor Fusion}, 
doi={10.1109/ICCE-Asia.2016.7804838}, 
ISSN={}, 
month={Oct},}

@ARTICLE{cite:7, 
author={G. Singh and T. A. Chen and R. Robucci and C. Patel and N. Banerjee}, 
journal={IEEE Sensors Journal}, 
title={distratto: Impaired Driving Detection Using Textile Sensors}, 
year={2016}, 
volume={16}, 
number={8}, 
pages={2666-2673}, 
keywords={Global Positioning System;capacitance measurement;capacitive sensors;motion measurement;signal processing;textiles;velocity measurement;GPS sensor;US;camera;capacitive textile sensor;distratto;driving-related accident;eye tracking;head tracking;impaired driving detection;signal processing algorithm;vehicle speed determination;Brakes;Capacitive sensors;Capacitors;Head;Textiles;Vehicles;Data mining;accident prevention;association rules;pervasive computing;road accidents;sensor fusion;transportation}, 
doi={10.1109/JSEN.2015.2491225}, 
ISSN={1530-437X}, 
month={April},}